@misc{adobe,
	author = "Wikipedia",
	title = "Adobe Premiere Pro --- Wikipedia{,} The Free Encyclopedia",
	year = "2015",
	url = "https://en.wikipedia.org/wiki/Adobe_Premiere_Pro",
	note = "[Online; accessed 26-March-2015]"
 }

@misc{bbc,
	author = "Adobe Systems Incorporated",
	title = "Adobe Creative Suite 3 Production Premium Wins in Broadcasting",
	year = "2007",
	url = "https://www.adobe.com/aboutadobe/pressroom/pressreleases/200704/041607BBC.html",
	note = "[Online; accessed 28-March-2015]"
}

@misc{cnn,
	author = "mediasilo",
	title = "Editing Wars: Adobe Premiere vs Final Cut vs Avid",
	year = "2013",
	url = "http://blog.mediasilo.com/editing-wars",
	note = "[Online; accessed 28-March-2015]"
}

@misc{oauth,
	author = "Wikipedia",
	title = "OAuth --- Wikipedia{,} The Free Encyclopedia",
	year = "2015",
	url = "https://en.wikipedia.org/wiki/OAuth",
	note = "[Online; accessed 29-March-2015]"
 }

@misc{oauthdesc,
	author = "Google",
	title = "Using OAuth 2.0 for Installed Applications --- Google Accounts ---- Google Developers",
	year = "2014",
	url = "https://developers.google.com/accounts/docs/OAuth2InstalledApp",
	note = "[Online; accessed 29-March-2015]"
}

@misc{CC,
	author = "CNET",
	title = "Adobe kills Creative Suite, goes subscription-only",
	year = "2014",
	url = "http://www.cnet.com/news/adobe-kills-creative-suite-goes-subscription-only/",
	note = "[Online; accessed 30-March-2015]"
}

@misc{ecma,
	author = "Ecma International",
	title = "ECMAScript Language Specification",
	year = "2011",
	url = "http://www.ecma-international.org/ecma-262/5.1/",
	note = "[Online; accessed 30-March-2015]"
}

@inproceedings{soaprest,
	author = {Pautasso, Cesare and Zimmermann, Olaf and Leymann, Frank},
	title = {Restful Web Services vs. "Big"' Web Services: Making the Right Architectural Decision},
	booktitle = {Proceedings of the 17th International Conference on World Wide Web},
	series = {WWW '08},
	year = {2008},
	isbn = {978-1-60558-085-2},
	location = {Beijing, China},
	pages = {805--814},
	numpages = {10},
	url = {http://doi.acm.org/10.1145/1367497.1367606},
	doi = {10.1145/1367497.1367606},
	acmid = {1367606},
	publisher = {ACM},
	address = {New York, NY, USA},
	keywords = {HTTP, REST, SOAP, WS-* vs. REST, WSDL, architectural decision modeling, resource oriented architectures, service oriented architectures, technology comparison, web services},
} 